<?xml version="1.0" encoding="UTF-8"?><collection xmlns="http://www.loc.gov/MARC21/slim"><record><leader>00306nam--2200121-i-4500</leader><controlfield tag="001">000047122</controlfield><controlfield tag="002">20161230</controlfield><controlfield tag="005">20161230201046</controlfield><controlfield tag="008">060222s1000------------r-----000-0-eng-d</controlfield><datafield ind1=" " ind2=" " tag="100"><subfield code="a">Whippman,M.L</subfield></datafield><datafield ind1=" " ind2=" " tag="245"><subfield code="a">Some properties of su 2+1</subfield></datafield><datafield ind1=" " ind2=" " tag="260"><subfield code="a">Washington,U.S.Atomic Energy Commis.,1964. 11 P</subfield></datafield><datafield ind1=" " ind2=" " tag="852"><subfield code="a">19845</subfield></datafield></record></collection>